@article{coifman2005geometric,
  title={Geometric diffusions as a tool for harmonic analysis and structure definition of data: Diffusion maps},
  author={Coifman, Ronald R and Lafon, Stephane and Lee, Ann B and Maggioni, Mauro and Nadler, Boaz and Warner, Frederick and Zucker, Steven W},
  journal={Proceedings of the national academy of sciences},
  volume={102},
  number={21},
  pages={7426--7431},
  year={2005},
  publisher={National Acad Sciences}
}

@article{reshef2011detecting,
  title={Detecting novel associations in large data sets},
  author={Reshef, David N and Reshef, Yakir A and Finucane, Hilary K and Grossman, Sharon R and McVean, Gilean and Turnbaugh, Peter J and Lander, Eric S and Mitzenmacher, Michael and Sabeti, Pardis C},
  journal={science},
  volume={334},
  number={6062},
  pages={1518--1524},
  year={2011},
  publisher={American Association for the Advancement of Science}
}

@article{cha2007comprehensive,
  title={Comprehensive survey on distance/similarity measures between probability density functions},
  author={Cha, Sung-Hyuk},
  journal={City},
  volume={1},
  number={2},
  pages={1},
  year={2007}
}

@article{degroot1974reaching,
  title={Reaching a consensus},
  author={DeGroot, Morris H},
  journal={Journal of the American Statistical Association},
  volume={69},
  number={345},
  pages={118--121},
  year={1974},
  publisher={Taylor \& Francis Group}
}

@inproceedings{neffke2017coworker,
  title={Coworker complementarity},
booktitle = {CID Working Papers, no. 79},
  author={Neffke, Frank},
  year={2017}
}

@book{henrich2015secret,
  title={The secret of our success: how culture is driving human evolution, domesticating our species, and making us smarter},
  author={Henrich, Joseph},
  year={2015},
  publisher={Princeton University Press}
}

@inproceedings{kemp2014interpretation,
  title={An interpretation and critique of the Method of Reflections},
  author={Kemp-Benedict, Eric},
booktitle = {Munich Personal RePEc Archive},
  year={2014}
}

@article{gomez2016explaining,
  title={Explaining the prevalence, scaling and variance of urban phenomena},
  author={Gomez-Lievano, Andres and Patterson-Lomba, Oscar and Hausmann, Ricardo},
  journal={Nature Human Behaviour},
  volume={1},
  pages={0012},
  year={2016},
  publisher={Nature Publishing Group}
}


@ARTICLE{BustosEtAl2012,
    Author         = {Sebasti\'{a} Bustos and Charles Gomez and Ricardo Hausmann and C\'{e}sar A. Hidalgo},
    Journal        = {PLoS ONE},
    publisher      = {Public Library of Science},
    Title          = {{The Dynamics of Nestedness Predicts the Evolution of Industrial Ecosystems}},
    Year           = {2012},
    Month          = {November},
    Volume         = {7},
    url            = {},
    Pages          = {e49393},
    Number         = {11},
    doi            = {}
}


@ARTICLE{HausmannHidalgo2011,
    Author         = {Ricardo Hausmann and C\'{e}sar A. Hidalgo},
    Journal        = {Journal of Economic Growth},
    publisher      = {Springer},
    copyright      = {},
    Title          = {The network structure of economic ouput},
    Year           = {2011},
    Month          = {October},
    Volume         = {16},
    Number         = {},
    issue          = {},
    url            = {},

    Pages          = {309--342},
    doi            = {10.1007/s10887-011-9071-4}
,
    issn           = {},
    note           = {}
}

@ARTICLE{HidalgoHausmann2009,
    Author         = {C\'{e}sar A. Hidalgo and Ricardo Hausmann},
    Journal        = {PNAS},
    publisher      = {},
    copyright      = {},
    Title          = {The building blocks of economic complexity},
    Year           = {2009},
    Month          = {June},
    Volume         = {106},
    Number         = {25},
    issue          = {},
    url            = {},

    Pages          = {10570--10575},
    doi            = {10.1007/s10887-011-9071-4}
,
    issn           = {},
    note           = {}
}

@article{HidalgoEtAl2007,
	Author = {Hidalgo, C. A. and Klinger, B. and Barabasi, A.-L. and Hausmann, R.},
	Title = {{The product space conditions the development of nations}},
	Journal = {{Science}},
	Year = {2007},
	Volume = {317},
	Number = {5837},
	Pages = {482--487},
	Month = {JUL 27},
	DOI = {10.1126/science.1144581}
}


@BOOK{NelsonWinter1982,
  title={{An Evolutionary Theory of Economic Change}},
  author={Richard R. Nelson and Sidney G. Winter},
  Publisher={The Belknap Press of Harvard University Press},
  address={Cambridge},
  year={1982}
}

@article{Neffke2013SkillRelatedness,
  title={Skill relatedness and firm diversification},
  author={Neffke, Frank and Henning, Martin},
  journal={Strategic Management Journal},
  volume={34},
  number={3},
  pages={297--316},
  year={2013},
  publisher={Wiley Online Library}
}

@unpublished{neffke2013agents,
  title={Agents of structural change},
  author={Neffke, Frank and Hartog, Matt{\'e} and Boschma, Ron and Henning, Martin},
	Note			= {Unpublished manuscript. {http://www.frankneffke.com/files/NeffkeHartog\_etal2013.pdf}},
  year={2013}
}



@article{newman_finding_2006,
	title = {Finding community structure in networks using the eigenvectors of matrices},
	volume = {74},
	issn = {1539-3755, 1550-2376},
	zoterourl = {https://link.aps.org/doi/10.1103/PhysRevE.74.036104},
	doi = {10.1103/PhysRevE.74.036104},
	number = {3},
	journaltitle = {Physical Review E},
	author = {Newman, M. E. J.},
	urldate = {2017-05-29},
	year = {2006},
	langid = {english},
	file = {Newman-2006-PhysRevE.74.036104.pdf:C\:\\Users\\agomez\\AppData\\Roaming\\Zotero\\Zotero\\Profiles\\sor0o3g1.default\\zotero\\storage\\EPAJWB65\\Newman-2006-PhysRevE.74.036104.pdf:application/pdf}
}

@article{newman_equivalence_2016,
	title = {Equivalence between modularity optimization and maximum likelihood methods for community detection},
	volume = {94},
	issn = {2470-0045, 2470-0053},
	zoterourl = {https://link.aps.org/doi/10.1103/PhysRevE.94.052315},
	doi = {10.1103/PhysRevE.94.052315},
	number = {5},
	journaltitle = {Physical Review E},
	author = {Newman, M. E. J.},
	urldate = {2017-05-29},
	year = {2016},
	langid = {english},
	file = {Newman-2016-Equivalence between modularity opt and MLE methdos for community detection_PhysRevE94052315.pdf:C\:\\Users\\agomez\\AppData\\Roaming\\Zotero\\Zotero\\Profiles\\sor0o3g1.default\\zotero\\storage\\ZSR79RHI\\Newman-2016-Equivalence between modularity opt and MLE methdos for community detection_PhysRevE94052315.pdf:application/pdf}
}

@article{newman_estimating_2016,
	title = {Estimating the Number of Communities in a Network},
	volume = {117},
	issn = {0031-9007, 1079-7114},
	zoterourl = {https://link.aps.org/doi/10.1103/PhysRevLett.117.078301},
	doi = {10.1103/PhysRevLett.117.078301},
	number = {7},
	journaltitle = {Physical Review Letters},
	author = {Newman, M. E. J. and Reinert, Gesine},
	urldate = {2017-05-29},
	year = {2016},
	langid = {english},
	file = {NewmanReinert-2016-Estimating the Number of Communities in a Network_PhysRevLett117078301.pdf:C\:\\Users\\agomez\\AppData\\Roaming\\Zotero\\Zotero\\Profiles\\sor0o3g1.default\\zotero\\storage\\5KW3399B\\NewmanReinert-2016-Estimating the Number of Communities in a Network_PhysRevLett117078301.pdf:application/pdf}
}

@article{schaub_many_2017,
	title = {The many facets of community detection in complex networks},
	volume = {2},
	issn = {2364-8228},
	zoterourl = {http://appliednetsci.springeropen.com/articles/10.1007/s41109-017-0023-6},
	doi = {10.1007/s41109-017-0023-6},
	number = {1},
	journaltitle = {Applied Network Science},
	author = {Schaub, Michael T. and Delvenne, Jean-Charles and Rosvall, Martin and Lambiotte, Renaud},
	urldate = {2017-05-29},
	year = {2017},
	langid = {english},
	file = {SchaubEtAl-2017-The many facets of community detection in complex networks.pdf:C\:\\Users\\agomez\\AppData\\Roaming\\Zotero\\Zotero\\Profiles\\sor0o3g1.default\\zotero\\storage\\22HBPBQE\\SchaubEtAl-2017-The many facets of community detection in complex networks.pdf:application/pdf}
}

@article{shuman_vertex-frequency_2016,
	title = {Vertex-frequency analysis on graphs},
	volume = {40},
	zoterourl = {http://www.sciencedirect.com/science/article/pii/S1063520315000214},
	pages = {260--291},
	number = {2},
	journaltitle = {Applied and Computational Harmonic Analysis},
	author = {Shuman, David I. and Ricaud, Benjamin and Vandergheynst, Pierre},
	urldate = {2017-05-29},
	year = {2016},
	file = {ShumanRicaudVadergheynst-2013-Vertex-Frequency Analysis on Graphs.pdf:C\:\\Users\\agomez\\AppData\\Roaming\\Zotero\\Zotero\\Profiles\\sor0o3g1.default\\zotero\\storage\\M6GH7V8A\\ShumanRicaudVadergheynst-2013-Vertex-Frequency Analysis on Graphs.pdf:application/pdf}
}

@article{bascompte_nested_2003,
	title = {The nested assembly of plant–animal mutualistic networks},
	volume = {100},
	pages = {9383--9387},
	number = {16},
	journaltitle = {Proceedings of the National Academy of Sciences},
	author = {Bascompte, Jordi and Jordano, Pedro and Melián, Carlos J. and Olesen, Jens M.},
	year = {2003},
	file = {Bascompte-2003PNAS-The nested assembly of plant-animal mutualistic networks.pdf:C\:\\Users\\agomez\\AppData\\Roaming\\Zotero\\Zotero\\Profiles\\sor0o3g1.default\\zotero\\storage\\8KSFX3T4\\Bascompte-2003PNAS-The nested assembly of plant-animal mutualistic networks.pdf:application/pdf}
}

@article{belkin_laplacian_2003,
	title = {Laplacian eigenmaps for dimensionality reduction and data representation},
	volume = {15},
	pages = {1373--1396},
	number = {6},
	journaltitle = {Neural computation},
	author = {Belkin, Mikhail and Niyogi, Partha},
	year = {2003},
	file = {Belkin and Niyogi-2003-Laplacian Eigenmaps for Dimensionality Reduction and Data Representation.pdf:C\:\\Users\\agomez\\AppData\\Roaming\\Zotero\\Zotero\\Profiles\\sor0o3g1.default\\zotero\\storage\\4VV5STU5\\Belkin and Niyogi-2003-Laplacian Eigenmaps for Dimensionality Reduction and Data Representation.pdf:application/pdf}
}

@article{coifman_geometric_2005,
	title = {Geometric diffusions as a tool for harmonic analysis and structure definition of data: Diffusion maps},
	volume = {102},
	shorttitle = {Geometric diffusions as a tool for harmonic analysis and structure definition of data},
	pages = {7426--7431},
	number = {21},
	journaltitle = {Proceedings of the national academy of sciences},
	author = {Coifman, Ronald R. and Lafon, Stephane and Lee, Ann B. and Maggioni, Mauro and Nadler, Boaz and Warner, Frederick and Zucker, Steven W.},
	year = {2005},
	file = {Coifman et al-2005-Geometric diffusions as a tool for harmonic analysis and structure def of data Diffusion Maps.pdf:C\:\\Users\\agomez\\AppData\\Roaming\\Zotero\\Zotero\\Profiles\\sor0o3g1.default\\zotero\\storage\\RHSJM4S3\\Coifman et al-2005-Geometric diffusions as a tool for harmonic analysis and structure def of data Diffusion Maps.pdf:application/pdf}
}

@article{coifman_diffusion_2014,
	title = {Diffusion maps for changing data},
	volume = {36},
	issn = {10635203},
	zoterourl = {http://linkinghub.elsevier.com/retrieve/pii/S1063520313000225},
	doi = {10.1016/j.acha.2013.03.001},
	pages = {79--107},
	number = {1},
	journaltitle = {Applied and Computational Harmonic Analysis},
	author = {Coifman, Ronald R. and Hirn, Matthew J.},
	urldate = {2018-07-04},
	year = {2014},
	langid = {english},
	file = {CoifmanHirn-2014-Diffusion maps for changing data.pdf:C\:\\Users\\agomez\\AppData\\Roaming\\Zotero\\Zotero\\Profiles\\sor0o3g1.default\\zotero\\storage\\9M3BHEVB\\CoifmanHirn-2014-Diffusion maps for changing data.pdf:application/pdf}
}

@article{coifman_diffusion_2006,
	title = {Diffusion maps},
	volume = {21},
	issn = {10635203},
	zoterourl = {http://linkinghub.elsevier.com/retrieve/pii/S1063520306000546},
	doi = {10.1016/j.acha.2006.04.006},
	pages = {5--30},
	number = {1},
	journaltitle = {Applied and Computational Harmonic Analysis},
	author = {Coifman, Ronald R. and Lafon, Stéphane},
	urldate = {2018-07-04},
	year = {2006},
	langid = {english},
	file = {CoifmanLafon-2006-Diffusion maps.pdf:C\:\\Users\\agomez\\AppData\\Roaming\\Zotero\\Zotero\\Profiles\\sor0o3g1.default\\zotero\\storage\\HPT3J3U6\\CoifmanLafon-2006-Diffusion maps.pdf:application/pdf}
}

@article{lafon_diffusion_2006,
	title = {Diffusion maps and coarse-graining: A unified framework for dimensionality reduction, graph partitioning, and data set parameterization},
	volume = {28},
	shorttitle = {Diffusion maps and coarse-graining},
	pages = {1393--1403},
	number = {9},
	journaltitle = {{IEEE} transactions on pattern analysis and machine intelligence},
	author = {Lafon, Stephane and Lee, Ann B.},
	year = {2006},
	file = {Lafon and Lee-2006-Diffusion_maps_random_walk A unified frameowrk for dimensionality reduction.pdf:C\:\\Users\\agomez\\AppData\\Roaming\\Zotero\\Zotero\\Profiles\\sor0o3g1.default\\zotero\\storage\\5JA2ME2N\\Lafon and Lee-2006-Diffusion_maps_random_walk A unified frameowrk for dimensionality reduction.pdf:application/pdf}
}

@inproceedings{nadler_diffusion_2006,
	title = {Diffusion maps, spectral clustering and eigenfunctions of Fokker-Planck operators},
	pages = {955--962},
	booktitle = {Advances in neural information processing systems},
	author = {Nadler, Boaz and Lafon, Stephane and Kevrekidis, Ioannis and Coifman, Ronald R.},
	year = {2006},
	file = {Nadler et al-2006-diffusion-maps-spectral-clustering-and-eigenfunctions-of-fokker-planck-operators.pdf:C\:\\Users\\agomez\\AppData\\Roaming\\Zotero\\Zotero\\Profiles\\sor0o3g1.default\\zotero\\storage\\GXCWEE4A\\Nadler et al-2006-diffusion-maps-spectral-clustering-and-eigenfunctions-of-fokker-planck-operators.pdf:application/pdf}
}

@article{nadler_diffusion_2006-1,
	title = {Diffusion maps, spectral clustering and reaction coordinates of dynamical systems},
	volume = {21},
	issn = {10635203},
	zoterourl = {http://linkinghub.elsevier.com/retrieve/pii/S1063520306000534},
	doi = {10.1016/j.acha.2005.07.004},
	pages = {113--127},
	number = {1},
	journaltitle = {Applied and Computational Harmonic Analysis},
	author = {Nadler, Boaz and Lafon, Stéphane and Coifman, Ronald R. and Kevrekidis, Ioannis G.},
	urldate = {2018-07-04},
	year = {2006},
	langid = {english},
	file = {Nadler et al-2006-Diffusion maps spectral clustering and reaction coordinates of dynamical systems.pdf:C\:\\Users\\agomez\\AppData\\Roaming\\Zotero\\Zotero\\Profiles\\sor0o3g1.default\\zotero\\storage\\Z7ER9ENS\\Nadler et al-2006-Diffusion maps spectral clustering and reaction coordinates of dynamical systems.pdf:application/pdf}
}

@article{jianbo_shi_normalized_2000,
	title = {Normalized cuts and image segmentation},
	volume = {22},
	issn = {01628828},
	zoterourl = {http://ieeexplore.ieee.org/document/868688/},
	doi = {10.1109/34.868688},
	pages = {888--905},
	number = {8},
	journaltitle = {{IEEE} Transactions on Pattern Analysis and Machine Intelligence},
	author = {{Jianbo Shi} and Malik, J.},
	urldate = {2018-07-04},
	year = {2000},
	file = {Shi and Malik-2000-Normalized Cuts and Image Segmentation.pdf:C\:\\Users\\agomez\\AppData\\Roaming\\Zotero\\Zotero\\Profiles\\sor0o3g1.default\\zotero\\storage\\PKTVU36I\\Shi and Malik-2000-Normalized Cuts and Image Segmentation.pdf:application/pdf}
}

@article{von_luxburg_tutorial_2007,
	title = {A tutorial on spectral clustering},
	volume = {17},
	issn = {0960-3174, 1573-1375},
	zoterourl = {http://link.springer.com/10.1007/s11222-007-9033-z},
	doi = {10.1007/s11222-007-9033-z},
	pages = {395--416},
	number = {4},
	journaltitle = {Statistics and Computing},
	author = {von Luxburg, Ulrike},
	urldate = {2018-07-04},
	year = {2007},
	langid = {english},
	file = {von Luxburg-2007-A tutorial on spectral clustering.pdf:C\:\\Users\\agomez\\AppData\\Roaming\\Zotero\\Zotero\\Profiles\\sor0o3g1.default\\zotero\\storage\\PI3SWDRI\\von Luxburg-2007-A tutorial on spectral clustering.pdf:application/pdf}
}

@article{amir_non-hermitian_2016,
	title = {Non-Hermitian localization in biological networks},
	volume = {93},
	zoterourl = {https://link.aps.org/doi/10.1103/PhysRevE.93.042310},
	doi = {10.1103/PhysRevE.93.042310},
	abstract = {We explore the spectra and localization properties of the N-site banded one-dimensional non-Hermitian random matrices that arise naturally in sparse neural networks. Approximately equal numbers of random excitatory and inhibitory connections lead to spatially localized eigenfunctions and an intricate eigenvalue spectrum in the complex plane that controls the spontaneous activity and induced response. A finite fraction of the eigenvalues condense onto the real or imaginary axes. For large N, the spectrum has remarkable symmetries not only with respect to reflections across the real and imaginary axes but also with respect to 90∘ rotations, with an unusual anisotropic divergence in the localization length near the origin. When chains with periodic boundary conditions become directed, with a systematic directional bias superimposed on the randomness, a hole centered on the origin opens up in the density-of-states in the complex plane. All states are extended on the rim of this hole, while the localized eigenvalues outside the hole are unchanged. The bias-dependent shape of this hole tracks the bias-independent contours of constant localization length. We treat the large-N limit by a combination of direct numerical diagonalization and using transfer matrices, an approach that allows us to exploit an electrostatic analogy connecting the “charges” embodied in the eigenvalue distribution with the contours of constant localization length. We show that similar results are obtained for more realistic neural networks that obey “Dale's law” (each site is purely excitatory or inhibitory) and conclude with perturbation theory results that describe the limit of large directional bias, when all states are extended. Related problems arise in random ecological networks and in chains of artificial cells with randomly coupled gene expression patterns.},
	pages = {042310},
	number = {4},
	journaltitle = {Phys. Rev. E},
	author = {Amir, Ariel and Hatano, Naomichi and Nelson, David R.},
	year = {2016},
	file = {APS Snapshot:C\:\\Users\\agomez\\AppData\\Roaming\\Zotero\\Zotero\\Profiles\\sor0o3g1.default\\zotero\\storage\\IIAXXKUD\\PhysRevE.93.html:text/html;Full Text PDF:C\:\\Users\\agomez\\AppData\\Roaming\\Zotero\\Zotero\\Profiles\\sor0o3g1.default\\zotero\\storage\\3AMK3GTG\\Amir et al. - 2016 - Non-Hermitian localization in biological networks.pdf:application/pdf}
}